<record><leader>00000cas a22000007a 4500</leader><controlfield tag="001">13453406</controlfield><controlfield tag="008">860418d18951907pauwr ne      0    0eng d</controlfield><datafield ind1=" " ind2=" " tag="010"><subfield code="a">sn 86083306 </subfield></datafield><datafield ind1=" " ind2=" " tag="040"><subfield code="a">NPH</subfield><subfield code="b">eng</subfield><subfield code="c">NPH</subfield><subfield code="d">NPX</subfield><subfield code="d">NPH</subfield><subfield code="d">OCLCQ</subfield></datafield><datafield ind1=" " ind2=" " tag="042"><subfield code="a">msc</subfield></datafield><datafield ind1="0" ind2=" " tag="130"><subfield code="a">Weekly herald (Shenandoah, Pa. : 1895)</subfield></datafield><datafield ind1="1" ind2="0" tag="245"><subfield code="a">Weekly herald.</subfield></datafield><datafield ind1="1" ind2="3" tag="246"><subfield code="a">Evening herald</subfield></datafield><datafield ind1=" " ind2=" " tag="260"><subfield code="a">Shenandoah, Pa. :</subfield><subfield code="b">Herald Pub. Co.,</subfield><subfield code="c">1895-</subfield></datafield><datafield ind1=" " ind2=" " tag="300"><subfield code="a">v. :</subfield><subfield code="b">ill. (chiefly advertisements) ;</subfield><subfield code="c">55 cm.</subfield></datafield><datafield ind1=" " ind2=" " tag="310"><subfield code="a">Weekly</subfield></datafield><datafield ind1="0" ind2=" " tag="362"><subfield code="a">Vol. 10, no. 145 (June 7, 1895)-</subfield></datafield><datafield ind1="1" ind2=" " tag="362"><subfield code="a">Ceased in 1907?</subfield><subfield code="z">Cf. Gregory, W. Amer. newspapers.</subfield></datafield><datafield ind1=" " ind2=" " tag="515"><subfield code="a">Issue for &lt;July 6, 1895&gt; called also &lt;whole no. 1499&gt;.</subfield></datafield><datafield ind1=" " ind2=" " tag="515"><subfield code="a">Issues for &lt;Aug. 10, 1895-Dec. 28, 1895&gt; misdated &lt;1894&gt;.</subfield></datafield><datafield ind1=" " ind2=" " tag="752"><subfield code="a">United States</subfield><subfield code="b">Pennsylvania</subfield><subfield code="c">Schuylkill</subfield><subfield code="d">Shenandoah.</subfield></datafield><datafield ind1="0" ind2=" " tag="775"><subfield code="a">Evening herald (Shenandoah, Pa. : 1891)</subfield><subfield code="w">(DLC)sn 87078000</subfield></datafield><datafield ind1="0" ind2="0" tag="780"><subfield code="t">Shenandoah weekly herald (Shenandoah, Pa. : 1891)</subfield><subfield code="w">(DLC)sn 86081597</subfield></datafield></record>